@book{womak:lean-thinking,
    author  = {James P. Womack, Daniel T. Jones},
    title   = {Lean Thinking, Second Editon},
    publisher = {Simon \& Schuster, Inc.},
    year    = {2010}
}

@online{site:material-design,
    title   = {Material Design},
    url     = {https://m3.material.io/}
}

@online{site:wai-standard,
    title   = {WAI Standards Guidelines},
    url     = {https://www.w3.org/WAI/standards-guidelines/wcag/}
}

@online{site:flutter-standard,
    title   = {Flutter Material},
    url     = {https://docs.flutter.dev/ui/widgets/material}
}
